@inproceedings{DBLP:conf/icfem/WoodcockH02,
  author    = {Jim Woodcock and
               Arthur P. Hughes},
  editor    = {Chris George and
               Huaikou Miao},
  title     = {Unifying Theories of Parallel Programming},
  booktitle = {Formal Methods and Software Engineering, 4th International Conference
               on Formal Engineering Methods, {ICFEM} 2002 Shanghai, China, October
               21-25, 2002, Proceedings},
  series    = {Lecture Notes in Computer Science},
  volume    = {2495},
  pages     = {24--37},
  publisher = {Springer},
  year      = {2002},
  url       = {http://dx.doi.org/10.1007/3-540-36103-0_5},
  doi       = {10.1007/3-540-36103-0_5},
  timestamp = {Mon, 04 Jul 2011 09:36:40 +0200},
  biburl    = {http://dblp.uni-trier.de/rec/bib/conf/icfem/WoodcockH02},
  bibsource = {dblp computer science bibliography, http://dblp.org}
}

@article{DBLP:journals/infsof/AtkinsonWN07,
  author    = {Darren C. Atkinson and
               Daniel C. Weeks and
               John Noll},
  title     = {Tool support for iterative software process modeling},
  journal   = {Information {\&} Software Technology},
  volume    = {49},
  number    = {5},
  pages     = {493--514},
  year      = {2007},
  url       = {http://dx.doi.org/10.1016/j.infsof.2006.07.006},
  doi       = {10.1016/j.infsof.2006.07.006},
  timestamp = {Mon, 14 May 2007 09:10:05 +0200},
  biburl    = {http://dblp.uni-trier.de/rec/bib/journals/infsof/AtkinsonWN07},
  bibsource = {dblp computer science bibliography, http://dblp.org}
}

@Unpublished{McB:derrti,
  author =	"Conor McBride",
  title =	"The Derivative of a Regular Type Is Its Type of
		 One-Hole Contexts",
  note = 	"Unpublished manuscript",
  month =	jan,
  year = 	"2001",
  URL =  	"http://www.dur.ac.uk/c.t.mcbride/diff.ps",
}

@Article{McBride:2008:CLM,
  author =	"Conor McBride",
  title =	"Clowns to the left of me, jokers to the right (pearl):
		 dissecting data structures",
  journal =	"ACM SIG{\-}PLAN Notices",
  volume =	"43",
  number =	"1",
  pages =	"287--295",
  month =	jan,
  year = 	"2008",
  CODEN =	"SINODQ",
  doi =  	"http://doi.acm.org/10.1145/1328438.1328474",
  ISSN = 	"0362-1340 (print), 1523-2867 (print), 1558-1160
		 (electronic)",
  issn-l =	"0362-1340",
  doi-url =	"http://dx.doi.org/10.1145/1328438.1328474",
}

@Article{JFP::Huet1997,
  title =	"The {Zipper}",
  author =	"G{\'e}rard Huet",
  pages =	"549--554",
  journal =	"Journal of Functional Programming",
  month =	sep,
  year = 	"1997",
  volume =	"7",
  number =	"5",
  note = 	"Functional Pearl",
}

@MISC{HC:Marlow:08,
  author =       {Simon Marlow},
  title =        {{[Haskell-cafe] Re:} {C}an you do everything without shared-memory concurrency?},
  howpublished = {https://mail.haskell.org/pipermail/haskell-cafe/2008-September/047312.html},
  year =         {2008},
  month =        {Sep},
  note =         {viewed 2015-10-14}
}

@MISC{HW:ParVsConc:14,
  author =       {Lemming},
  title =        {{P}arallelism vs. {C}oncurrency},
  howpublished = {https://wiki.haskell.org/Parallelism\_vs.\_Concurrency},
  year =         {2014},
  month =        {Mar},
  note =         {Date as per most recent edit, viewed 2015-10-14},
}

@MISC{GHCM:Marlow:09,
  author =       {Simon Marlow},
  title =        {Parallelism /= {C}oncurrency},
  howpublished = {https://ghcmutterings.wordpress.com/2009/10/06/parallelism-concurrency/},
  year =         {2009},
  month =        {Oct},
  note =         {viewed 2015-10-14},
}

@MISC{wiki:conc-comp,
  author =       {Wikipedia},
  title =        {Concurrent computing},
  howpublished = {https://en.wikipedia.org/wiki/Concurrent\_computing},
  year =         {2015},
  month =        {Oct},
  note =         {viewed 2015-10-14},
}

@MISC{wiki:par-comp,
  author =       {Wikipedia},
  title =        {Parallel computing},
  howpublished = {https://en.wikipedia.org/wiki/Parallel\_computing},
  year =         {2015},
  month =        {Oct},
  note =         {viewed 2015-10-14},
}

@MISC{blog:Harper:11,
  author =       {Robert Harper},
  title =        {Paralleism is not {C}oncurrency},
  howpublished = {https://existentialtype.wordpress.com/2011/03/17/parallelism-is-not-concurrency/},
  year =         {2011},
  month =        {Mar},
  note =         {viewed 2015-10-14},
}

@InProceedings{conf/popl/Dinsdale-YoungBGPY13,
  title =	"Views: compositional reasoning for concurrent
		 programs",
  author =	"Thomas Dinsdale-Young and Lars Birkedal and Philippa
		 Gardner and Matthew J. Parkinson and Hongseok Yang",
  booktitle =	"The 40th Annual {ACM} {SIGPLAN}-{SIGACT} Symposium on
		 Principles of Programming Languages, {POPL} '13, Rome,
		 Italy - January 23 - 25, 2013",
  publisher =	"ACM",
  year = 	"2013",
  editor =	"Roberto Giacobazzi and Radhia Cousot",
  ISBN = 	"978-1-4503-1832-7",
  pages =	"287--300",
}

@InProceedings{conf/lics/CalcagnoOY07,
  title =	"Local Action and Abstract Separation Logic",
  author =	"Cristiano Calcagno and Peter W. O'Hearn and Hongseok
		 Yang",
  publisher =	"IEEE Computer Society",
  year = 	"2007",
  bibdate =	"2014-11-21",
  bibsource =	"DBLP,
		 http://dblp.uni-trier.de/db/conf/lics/lics2007.html#CalcagnoOY07",
  crossref =	"conf/lics/2007",
  ISBN = 	"0-7695-2908-9",
  pages =	"366--378",
}

@proceedings{conf/lics/2007,
  title     = {22nd {IEEE} Symposium on Logic in Computer Science {(LICS} 2007),
               10-12 July 2007, Wroclaw, Poland, Proceedings},
  publisher = {{IEEE} Computer Society},
  year      = {2007},
  url       = {http://ieeexplore.ieee.org/xpl/mostRecentIssue.jsp?punumber=4276538},
  isbn      = {0-7695-2908-9},
  timestamp = {Fri, 21 Nov 2014 14:08:55 +0100},
  biburl    = {http://dblp.uni-trier.de/rec/bib/conf/lics/2007},
  bibsource = {dblp computer science bibliography, http://dblp.org}
}

@Article{Jones83,
  author =	"Cliff B. Jones",
  title =	"Tentative Steps Toward a Development Method for
		 Interfering Programs",
  journal =	"TOPLAS",
  volume =	"5",
  number =	"4",
  year = 	"1983",
  pages =	"596--619",
}

@Article{Owicki76,
  author =	"Susan Owicki and David Gries",
  title =	"An Axiomatic Proof Technique for Parallel Programs",
  journal =	"Acta Informatica",
  volume =	"6",
  number =	"4",
  pages =	"319--340",
  year = 	"1976",
}

@Article{journals/fuin/AhmedFM07,
  title =	"{L}$^3$: {A} Linear Language with Locations",
  author =	"Amal Ahmed and Matthew Fluet and Greg Morrisett",
  journal =	"Fundam. Inform",
  year = 	"2007",
  number =	"4",
  volume =	"77",
  bibdate =	"2015-05-18",
  bibsource =	"DBLP,
		 http://dblp.uni-trier.de/db/journals/fuin/fuin77.html#AhmedFM07",
  pages =	"397--449",
}

@Article{tal-toplas,
  author =	"Greg Morrisett and David Walker and Karl Crary and
		 Neal Glew",
  title =	"From {System-F} to Typed Assembly Language",
  journal =	"ACM Transactions on Programming Languages and
		 Systems",
  volume =	"21",
  number =	"3",
  pages =	"527--568",
  month =	may,
  year = 	"1999",
}

@InProceedings{Smit00b,
  address =	"London, UK",
  author =	"Frederick Smith and David Walker and J. Gregory
		 Morrisett",
  booktitle =	"ESOP '00: Proceedings of the 9th European Symposium on
		 Programming Languages and Systems",
  ISBN = 	"3-540-67262-1",
  keywords =	"nonstandard types",
  pages =	"366--381",
  publisher =	"Springer-Verlag",
  title =	"Alias Types",
  year = 	"2000",
}

@inproceedings{DBLP:conf/utp/FosterZW14,
  author    = {Simon Foster and
               Frank Zeyda and
               Jim Woodcock},
  title     = {Isabelle/{UTP}: {A} Mechanised Theory Engineering Framework},
  booktitle = {Unifying Theories of Programming - 5th International Symposium, {UTP}
               2014, Singapore, May 13, 2014, Revised Selected Papers},
  pages     = {21--41},
  year      = {2014},
  crossref  = {DBLP:conf/utp/2014},
  url       = {http://dx.doi.org/10.1007/978-3-319-14806-9_2},
  doi       = {10.1007/978-3-319-14806-9_2},
  timestamp = {Wed, 07 Jan 2015 14:37:15 +0100},
  biburl    = {http://dblp.uni-trier.de/rec/bib/conf/utp/FosterZW14},
  bibsource = {dblp computer science bibliography, http://dblp.org}
}

@proceedings{DBLP:conf/utp/2014,
  editor    = {David Naumann},
  title     = {Unifying Theories of Programming - 5th International Symposium, {UTP}
               2014, Singapore, May 13, 2014, Revised Selected Papers},
  series    = {Lecture Notes in Computer Science},
  volume    = {8963},
  publisher = {Springer},
  year      = {2015},
  url       = {http://dx.doi.org/10.1007/978-3-319-14806-9},
  doi       = {10.1007/978-3-319-14806-9},
  isbn      = {978-3-319-14805-2},
  timestamp = {Wed, 07 Jan 2015 14:36:19 +0100},
  biburl    = {http://dblp.uni-trier.de/rec/bib/conf/utp/2014},
  bibsource = {dblp computer science bibliography, http://dblp.org}
}

@inproceedings{DBLP:conf/utp/ZhuSHQ12,
  author    = {Huibiao Zhu and
               Jeff W. Sanders and
               Jifeng He and
               Shengchao Qin},
  title     = {Denotational Semantics for a Probabilistic Timed Shared-Variable Language},
  booktitle = {Unifying Theories of Programming, 4th International Symposium, {UTP}
               2012, Paris, France, August 27-28, 2012, Revised Selected Papers},
  pages     = {224--247},
  year      = {2012},
  crossref  = {DBLP:conf/utp/2012},
  url       = {http://dx.doi.org/10.1007/978-3-642-35705-3_11},
  doi       = {10.1007/978-3-642-35705-3_11},
  timestamp = {Wed, 30 Jan 2013 16:08:33 +0100},
  biburl    = {http://dblp.uni-trier.de/rec/bib/conf/utp/ZhuSHQ12},
  bibsource = {dblp computer science bibliography, http://dblp.org}
}

@proceedings{DBLP:conf/utp/2012,
  editor    = {Burkhart Wolff and
               Marie{-}Claude Gaudel and
               Abderrahmane Feliachi},
  title     = {Unifying Theories of Programming, 4th International Symposium, {UTP}
               2012, Paris, France, August 27-28, 2012, Revised Selected Papers},
  series    = {Lecture Notes in Computer Science},
  volume    = {7681},
  publisher = {Springer},
  year      = {2013},
  url       = {http://dx.doi.org/10.1007/978-3-642-35705-3},
  doi       = {10.1007/978-3-642-35705-3},
  isbn      = {978-3-642-35704-6},
  timestamp = {Wed, 30 Jan 2013 16:05:05 +0100},
  biburl    = {http://dblp.uni-trier.de/rec/bib/conf/utp/2012},
  bibsource = {dblp computer science bibliography, http://dblp.org}
}

@inproceedings{DBLP:conf/utp/ChenYD10,
  author    = {Xin Chen and
               Nan Ye and
               Wenxu Ding},
  title     = {A Formal Approach to Analyzing Interference Problems in Aspect-Oriented
               Designs},
  booktitle = {Unifying Theories of Programming - Third International Symposium,
               {UTP} 2010, Shanghai, China, November 15-16, 2010. Proceedings},
  pages     = {157--171},
  year      = {2010},
  crossref  = {DBLP:conf/utp/2010},
  url       = {http://dx.doi.org/10.1007/978-3-642-16690-7_7},
  doi       = {10.1007/978-3-642-16690-7_7},
  timestamp = {Sat, 20 Nov 2010 20:43:20 +0100},
  biburl    = {http://dblp.uni-trier.de/rec/bib/conf/utp/ChenYD10},
  bibsource = {dblp computer science bibliography, http://dblp.org}
}


@proceedings{DBLP:conf/utp/2010,
  editor    = {Shengchao Qin},
  title     = {Unifying Theories of Programming - Third International Symposium,
               {UTP} 2010, Shanghai, China, November 15-16, 2010. Proceedings},
  series    = {Lecture Notes in Computer Science},
  volume    = {6445},
  publisher = {Springer},
  year      = {2010},
  url       = {http://dx.doi.org/10.1007/978-3-642-16690-7},
  doi       = {10.1007/978-3-642-16690-7},
  isbn      = {978-3-642-16689-1},
  timestamp = {Sat, 20 Nov 2010 20:39:07 +0100},
  biburl    = {http://dblp.uni-trier.de/rec/bib/conf/utp/2010},
  bibsource = {dblp computer science bibliography, http://dblp.org}
}

@inproceedings{DBLP:conf/utp/ZhaoWZ10,
  author    = {Yongxin Zhao and
               Xu Wang and
               Huibiao Zhu},
  title     = {Towards a Pomset Semantics for a Shared-Variable Parallel Language},
  booktitle = {Unifying Theories of Programming - Third International Symposium,
               {UTP} 2010, Shanghai, China, November 15-16, 2010. Proceedings},
  pages     = {271--285},
  year      = {2010},
  crossref  = {DBLP:conf/utp/2010},
  url       = {http://dx.doi.org/10.1007/978-3-642-16690-7_14},
  doi       = {10.1007/978-3-642-16690-7_14},
  timestamp = {Sat, 20 Nov 2010 20:43:20 +0100},
  biburl    = {http://dblp.uni-trier.de/rec/bib/conf/utp/ZhaoWZ10},
  bibsource = {dblp computer science bibliography, http://dblp.org}
}

@proceedings{DBLP:conf/utp/2010,
  editor    = {Shengchao Qin},
  title     = {Unifying Theories of Programming - Third International Symposium,
               {UTP} 2010, Shanghai, China, November 15-16, 2010. Proceedings},
  series    = {Lecture Notes in Computer Science},
  volume    = {6445},
  publisher = {Springer},
  year      = {2010},
  url       = {http://dx.doi.org/10.1007/978-3-642-16690-7},
  doi       = {10.1007/978-3-642-16690-7},
  isbn      = {978-3-642-16689-1},
  timestamp = {Sat, 20 Nov 2010 20:39:07 +0100},
  biburl    = {http://dblp.uni-trier.de/rec/bib/conf/utp/2010},
  bibsource = {dblp computer science bibliography, http://dblp.org}
}

@InProceedings{conf/esop/Rudiak-GouldMJ06,
  title =	"Haskell Is Not Not {ML}",
  author =	"Ben Rudiak-Gould and Alan Mycroft and Simon L. Peyton
		 Jones",
  bibdate =	"2006-12-06",
  bibsource =	"DBLP,
		 http://dblp.uni-trier.de/db/conf/esop/esop2006.html#Rudiak-GouldMJ06",
  booktitle =	"ESOP",
  booktitle =	"Programming Languages and Systems, 15th European
		 Symposium on Programming, {ESOP} 2006, Held as Part of
		 the Joint European Conferences on Theory and Practice
		 of Software, {ETAPS} 2006, Vienna, Austria, March
		 27-28, 2006, Proceedings",
  publisher =	"Springer",
  year = 	"2006",
  volume =	"3924",
  editor =	"Peter Sestoft",
  ISBN = 	"3-540-33095-X",
  pages =	"38--53",
  series =	"Lecture Notes in Computer Science",
  URL =  	"http://dx.doi.org/10.1007/11693024",
}


@Book{Bird14,
  author =	"R. Bird",
  title =	"Thinking Functionally with Haskell",
  pages =	"354",
  publisher =	"Cambridge Univ. Press",
  month =	dec,
  year = 	"2014",
  keywords =	"book, text, c2014, c201x, c20xx, zz0315, FP,
		 functional, programming, Haskell, computer, L1Ref,
		 L2Ref",
  abstract =	"{"}... enables students to apply calculational
		 reasoning to their programs, both to understand their
		 properties and to make them more efficient. The book
		 has been designed to fit a first- or second-year
		 undergraduate course and is a thorough overhaul and
		 replacement of his earlier textbooks. It features case
		 studies in Sudoku and pretty-printing, and over 100
		 carefully selected exercises with solutions. ...{"} 1st
		 ed 2014; pb us\$44;
		 http://www.amazon.com/gp/product/1107452643/?tag=fourwheeldrivein
		 ; . 2017(?!) hb us\$86;
		 http://www.amazon.com/gp/product/1107087201/?tag=fourwheeldrivein
		 ; . [Also search for: FP Haskell book].",
}

@BOOK{Haskell2010,
  editor =       {Simon Marlow},
  title =        {Haskell 2010 {L}anguage {R}eport},
  publisher =  {Haskell Community},
  year =         {2010},
  note =         {\url{https://www.haskell.org/definition/haskell2010.pdf}}
}

@INPROCEEDINGS{conf/tase/BMN16,
  author =       {Andrew Butterfield and Anila Mjeda and John Noll},
  title =        {{UTP Semantics for Shared-State, Concurrent, Context-Sensitive Process Models}},
  booktitle =    {TASE 2016 10th International Symposium on
                    Theoretical Aspects of Software Engineering},
  year =         {2016},
  month =        jul,
  pages = {1--8, to appear},
  editor =       {Marcello Bonsangue and Yuxin Deng},
  publisher =    {IEEE}
}

@inproceedings{DBLP:conf/utp/Butterfield10,
  author    = {Andrew Butterfield},
  title     = {Saoith{\'{\i}}n: {A} Theorem Prover for {UTP}},
  booktitle = {Unifying Theories of Programming - Third International Symposium,
               {UTP} 2010, Shanghai, China, November 15-16, 2010. Proceedings},
  pages     = {137--156},
  year      = {2010},
  url       = {http://dx.doi.org/10.1007/978-3-642-16690-7_6},
  doi       = {10.1007/978-3-642-16690-7_6},
  timestamp = {Sat, 20 Nov 2010 20:43:20 +0100},
  biburl    = {http://dblp.uni-trier.de/rec/bib/conf/utp/Butterfield10},
  bibsource = {dblp computer science bibliography, http://dblp.org}
}

@inproceedings{DBLP:conf/utp/Butterfield12,
  author    = {Andrew Butterfield},
  title     = {The Logic of \emph{U} {\(\cdot\)}(\emph{TP})\({}^{\mbox{2}}\)},
  booktitle = {Unifying Theories of Programming, 4th International Symposium, {UTP}
               2012, Paris, France, August 27-28, 2012, Revised Selected Papers},
  pages     = {124--143},
  year      = {2012},
  url       = {http://dx.doi.org/10.1007/978-3-642-35705-3_6},
  doi       = {10.1007/978-3-642-35705-3_6},
  timestamp = {Wed, 30 Jan 2013 16:08:33 +0100},
  biburl    = {http://dblp.uni-trier.de/rec/bib/conf/utp/Butterfield12},
  bibsource = {dblp computer science bibliography, http://dblp.org}
}


@proceedings{DBLP:conf/utp/2012,
  editor    = {Burkhart Wolff and
               Marie{-}Claude Gaudel and
               Abderrahmane Feliachi},
  title     = {Unifying Theories of Programming, 4th International Symposium, {UTP}
               2012, Paris, France, August 27-28, 2012, Revised Selected Papers},
  series    = {Lecture Notes in Computer Science},
  volume    = {7681},
  publisher = {Springer},
  year      = {2013},
  url       = {http://dx.doi.org/10.1007/978-3-642-35705-3},
  doi       = {10.1007/978-3-642-35705-3},
  isbn      = {978-3-642-35704-6},
  timestamp = {Wed, 30 Jan 2013 16:05:05 +0100},
  biburl    = {http://dblp.uni-trier.de/rec/bib/conf/utp/2012},
  bibsource = {dblp computer science bibliography, http://dblp.org}
}
@Misc{Beck01b,
  key =  	"AgileManifesto",
  note = 	"http://agilemanifesto.org",
  title =	"Manifesto for Agile Software Development",
}

@Article{Fowl01a,
  author =	"Martin Fowler and Jim Highsmith",
  journal =	"Software Development Magazine",
  month =	aug,
  note = 	"http://agilemanifesto.org",
  title =	"The {Agile} {Manifesto}",
  volume =	"9(8)",
  year = 	"2001",
}

@Article{Gibbons:2014:FDS,
  author =	"Jeremy Gibbons and Nicolas Wu",
  title =	"Folding domain-specific languages: deep and shallow
		 embeddings (functional Pearl)",
  journal =	"ACM SIG{\-}PLAN Notices",
  volume =	"49",
  number =	"9",
  pages =	"339--347",
  month =	sep,
  year = 	"2014",
  CODEN =	"SINODQ",
  doi =  	"http://dx.doi.org/10.1145/2692915.2628138",
  ISSN = 	"0362-1340 (print), 1523-2867 (print), 1558-1160
		 (electronic)",
  issn-l =	"0362-1340",
  bibdate =	"Tue May 12 17:41:21 MDT 2015",
  bibsource =	"http://www.math.utah.edu/pub/tex/bib/sigplan2010.bib",
  abstract =	"A domain-specific language can be implemented by
		 embedding within a general-purpose host language. This
		 embedding may be deep or shallow, depending on whether
		 terms in the language construct syntactic or semantic
		 representations. The deep and shallow styles are
		 closely related, and intimately connected to folds; in
		 this paper, we explore that connection.",
  acknowledgement = "Nelson H. F. Beebe, University of Utah, Department
		 of Mathematics, 110 LCB, 155 S 1400 E RM 233, Salt Lake
		 City, UT 84112-0090, USA, Tel: +1 801 581 5254, FAX: +1
		 801 581 4148, e-mail: \path|beebe@math.utah.edu|,
		 \path|beebe@acm.org|, \path|beebe@computer.org|
		 (Internet), URL:
		 \path|http://www.math.utah.edu/~beebe/|",
  fjournal =	"ACM SIGPLAN Notices",
  journal-url =  "http://portal.acm.org/browse_dl.cfm?idx=J706",
  remark =	"ICFP '14 conference proceedings.",
  doi-url =	"http://dx.doi.org/10.1145/2692915.2628138",
}

@article{Feather:1982:SAP:357153.357154,
 author = {Feather, Martin S.},
 title = {A System for Assisting Program Transformation},
 journal = {ACM Trans. Program. Lang. Syst.},
 issue_date = {Jan. 1982},
 volume = {4},
 number = {1},
 month = jan,
 year = {1982},
 issn = {0164-0925},
 pages = {1--20},
 numpages = {20},
 url = {http://doi.acm.org/10.1145/357153.357154},
 doi = {10.1145/357153.357154},
 acmid = {357154},
 publisher = {ACM},
 address = {New York, NY, USA},
}

@InCollection{Smith91,
  author =	"D. R. Smith",
  title =	"{KIDS}: {A} Knowledge-Based Software Development
		 System",
  booktitle =	"in Automating Software Design (Lowry and McCartney,
		 Eds.), Machine Intelligence, eds: Meltzer, and Michie,
		 vars. PublishersT Press",
  year = 	"1991",
  annote =	"automatic programming",
}

@InProceedings{conf/amast/BergstraK96,
  title =	"The Discrete Time {TOOLBUS}",
  author =	"Jan A. Bergstra and Paul Klint",
  bibdate =	"2011-06-24",
  bibsource =	"DBLP,
		 http://dblp.uni-trier.de/db/conf/amast/amast96.html#BergstraK96",
  booktitle =	"AMAST",
  booktitle =	"Algebraic Methodology and Software Technology, 5th
		 International Conference, {AMAST} '96, Munich, Germany,
		 July 1-5, 1996, Proceedings",
  publisher =	"Springer",
  year = 	"1996",
  volume =	"1101",
  editor =	"Martin Wirsing and Maurice Nivat",
  ISBN = 	"3-540-61463-X",
  pages =	"286--305",
  series =	"Lecture Notes in Computer Science",
  URL =  	"http://dx.doi.org/10.1007/BFb0014323",
}


@Article{VanDenBrand:2002:CLD,
  author =	"M. G. J. {Van Den Brand} and J. Heering and P. Klint
		 and P. A. Olivier",
  title =	"Compiling language definitions: the {ASF+SDF}
		 compiler",
  journal =	"ACM Transactions on Programming Languages and
		 Systems",
  volume =	"24",
  number =	"4",
  pages =	"334--368",
  month =	jul,
  year = 	"2002",
  CODEN =	"ATPSDT",
  ISSN = 	"0164-0925 (print), 1558-4593 (electronic)",
  issn-l =	"0164-0925",
  bibdate =	"Wed Apr 9 18:34:45 MDT 2003",
  bibsource =	"http://www.acm.org/pubs/contents/journals/toplas/;
		 http://www.math.utah.edu/pub/tex/bib/toplas.bib",
  acknowledgement = "Nelson H. F. Beebe, University of Utah, Department
		 of Mathematics, 110 LCB, 155 S 1400 E RM 233, Salt Lake
		 City, UT 84112-0090, USA, Tel: +1 801 581 5254, FAX: +1
		 801 581 4148, e-mail: \path|beebe@math.utah.edu|,
		 \path|beebe@acm.org|, \path|beebe@computer.org|
		 (Internet), URL:
		 \path|http://www.math.utah.edu/~beebe/|",
  fjournal =	"ACM Transactions on Programming Languages and
		 Systems",
  journal-url =  "http://portal.acm.org/browse_dl.cfm?idx=J783",
}


@InProceedings{conf/rta/Visser01,
  title =	"Stratego: {A} Language for Program Transformation
		 Based on Rewriting Strategies",
  author =	"Eelco Visser",
  bibdate =	"2009-09-23",
  bibsource =	"DBLP,
		 http://dblp.uni-trier.de/db/conf/rta/rta2001.html#Visser01",
  booktitle =	"RTA",
  booktitle =	"Rewriting Techniques and Applications, 12th
		 International Conference, {RTA} 2001, Utrecht, The
		 Netherlands, May 22-24, 2001, Proceedings",
  publisher =	"Springer",
  year = 	"2001",
  volume =	"2051",
  editor =	"Aart Middeldorp",
  ISBN = 	"3-540-42117-3",
  pages =	"357--362",
  series =	"Lecture Notes in Computer Science",
  URL =  	"http://dx.doi.org/10.1007/3-540-45127-7_27",
}

@book{DBLP:books/sp/BauerEH87,
  author    = {Friedrich L. Bauer and
               Herbert Ehler and
               A. Horsch and
               Bernhard M{\"{o}}ller and
               Helmuth Partsch and
               O. Paukner and
               Peter Pepper},
  title     = {The Munich Project CIP, Volume {II:} The Program Transformation System
               {CIP-S}},
  series    = {Lecture Notes in Computer Science},
  volume    = {292},
  publisher = {Springer},
  year      = {1987},
  url       = {http://dx.doi.org/10.1007/3-540-18779-0},
  doi       = {10.1007/3-540-18779-0},
  isbn      = {3-540-18779-0},
  timestamp = {Fri, 24 Jun 2011 20:39:24 +0200},
  biburl    = {http://dblp.uni-trier.de/rec/bib/books/sp/BauerEH87},
  bibsource = {dblp computer science bibliography, http://dblp.org}
}

@Article{journals/jfp/CaretteKS09,
  title =	"Finally tagless, partially evaluated: Tagless staged
		 interpreters for simpler typed languages",
  author =	"Jacques Carette and Oleg Kiselyov and Chung-chieh
		 Shan",
  journal =	"J. Funct. Program",
  year = 	"2009",
  number =	"5",
  volume =	"19",
  bibdate =	"2009-12-21",
  bibsource =	"DBLP,
		 http://dblp.uni-trier.de/db/journals/jfp/jfp19.html#CaretteKS09",
  pages =	"509--543",
  URL =  	"http://dx.doi.org/10.1017/S0956796809007205",
}

@InProceedings{conf/gttse/WinterB06,
  title =	"Program Transformation Using {HATS} 1.84",
  author =	"Victor L. Winter and Jason Beranek",
  publisher =	"Springer",
  year = 	"2005",
  volume =	"4143",
  bibdate =	"2011-06-14",
  bibsource =	"DBLP,
		 http://dblp.uni-trier.de/db/conf/gttse/gttse2006.html#WinterB06",
  booktitle =	"GTTSE",
  crossref =	"conf/gttse/2006",
  editor =	"Ralf L{\"a}mmel and Jo{\~a}o Saraiva and Joost
		 Visser",
  ISBN = 	"3-540-45778-X",
  pages =	"378--396",
  series =	"Lecture Notes in Computer Science",
  URL =  	"http://dx.doi.org/10.1007/11877028_15",
}

@InCollection{HughesJohn1995c,
  author =	"John Hughes",
  booktitle =	"Advanced Functional Programming",
  editor =	"J. Jeuring and E. Meijer",
  publisher =	"Springer Verlag",
  title =	"The Design of a Pretty-printing Library",
  year = 	"1995",
  abstract-url = "http://www.cs.chalmers.se/~rjmh/Papers/pretty.html",
  URL =  	"http://www.cs.chalmers.se/~rjmh/Papers/pretty.ps",
  keywords =	"pretty-printing combinators formal methods lazy
		 evaluation",
  series =	"LNCS",
  volume =	"925",
  scope =	"appl",
}

@INBOOK{wadler-pp,
  author =       {Philip Wadler},
  title
  chapter =      {11, A prettier printer},
  pages =        {223-244},
  crossref =     {Gibbons03a}
}

@Book{Gibbons03a,
  editor =	"J. Gibbons and O. de Moor",
  title =	"The Fun of Programming (Cornerstones of Computing)",
  pages =	"288",
  publisher =	"Palgrave - Macmillan",
  month =	mar,
  year = 	"2003",
}
